@misc{blundell2015weightuncertaintyneuralnetworks,
      title={Weight Uncertainty in Neural Networks}, 
      author={Charles Blundell and Julien Cornebise and Koray Kavukcuoglu and Daan Wierstra},
      year={2015},
      eprint={1505.05424},
      archivePrefix={arXiv},
      primaryClass={stat.ML},
      url={https://arxiv.org/abs/1505.05424}, 
}

@phdthesis{chenyu,
  author  = {Chenyu Yang},
  title   = {INTERPRETABLE SENTIMENT ANALYSIS USING THE ATTENTION-BASED MULTIPLE INSTANCE CLASSIFICATION MODEL},
  school  = {Southern Methodist University},
  address = {Dallas, TX},
  year    = {2023},
  month   = {December}
}

@inproceedings{barbieri2020tweeteval,
  title={{TweetEval:Unified Benchmark and Comparative Evaluation for Tweet Classification}},
  author={Barbieri, Francesco and Camacho-Collados, Jose and Espinosa-Anke, Luis and Neves, Leonardo},
  booktitle={Proceedings of Findings of EMNLP},
  year={2020}
}

@inproceedings{rosenthal2017semeval,
  title={SemEval-2017 task 4: Sentiment analysis in Twitter},
  author={Rosenthal, Sara and Farra, Noura and Nakov, Preslav},
  booktitle={Proceedings of the 11th international workshop on semantic evaluation (SemEval-2017)},
  pages={502--518},
  year={2017}
}



@article{McAuley2013HiddenFA,
  author = {Julian McAuley and Jure Leskovec},
  journal = {Proceedings of the 7th ACM conference on Recommender systems},
  title = {Hidden factors and hidden topics: understanding rating dimensions with review text},
  url = {https://api.semanticscholar.org/CorpusID:6440341},
  year = {2013},
}


@article{enevoldsen2025mmtebmassivemultilingualtext,
  title={MMTEB: Massive Multilingual Text Embedding Benchmark},
  author={Kenneth Enevoldsen and Isaac Chung and Imene Kerboua and Márton Kardos and Ashwin Mathur and David Stap and Jay Gala and Wissam Siblini and Dominik Krzemiński and Genta Indra Winata and Saba Sturua and Saiteja Utpala and Mathieu Ciancone and Marion Schaeffer and Gabriel Sequeira and Diganta Misra and Shreeya Dhakal and Jonathan Rystrøm and Roman Solomatin and Ömer Çağatan and Akash Kundu and Martin Bernstorff and Shitao Xiao and Akshita Sukhlecha and Bhavish Pahwa and Rafał Poświata and Kranthi Kiran GV and Shawon Ashraf and Daniel Auras and Björn Plüster and Jan Philipp Harries and Loïc Magne and Isabelle Mohr and Mariya Hendriksen and Dawei Zhu and Hippolyte Gisserot-Boukhlef and Tom Aarsen and Jan Kostkan and Konrad Wojtasik and Taemin Lee and Marek Šuppa and Crystina Zhang and Roberta Rocca and Mohammed Hamdy and Andrianos Michail and John Yang and Manuel Faysse and Aleksei Vatolin and Nandan Thakur and Manan Dey and Dipam Vasani and Pranjal Chitale and Simone Tedeschi and Nguyen Tai and Artem Snegirev and Michael Günther and Mengzhou Xia and Weijia Shi and Xing Han Lù and Jordan Clive and Gayatri Krishnakumar and Anna Maksimova and Silvan Wehrli and Maria Tikhonova and Henil Panchal and Aleksandr Abramov and Malte Ostendorff and Zheng Liu and Simon Clematide and Lester James Miranda and Alena Fenogenova and Guangyu Song and Ruqiya Bin Safi and Wen-Ding Li and Alessia Borghini and Federico Cassano and Hongjin Su and Jimmy Lin and Howard Yen and Lasse Hansen and Sara Hooker and Chenghao Xiao and Vaibhav Adlakha and Orion Weller and Siva Reddy and Niklas Muennighoff},
  publisher = {arXiv},
  journal={arXiv preprint arXiv:2502.13595},
  year={2025},
  url={https://arxiv.org/abs/2502.13595},
  doi = {10.48550/arXiv.2502.13595},
}

@article{muennighoff2022mteb,
  author = {Muennighoff, Niklas and Tazi, Nouamane and Magne, Lo{\"\i}c and Reimers, Nils},
  title = {MTEB: Massive Text Embedding Benchmark},
  publisher = {arXiv},
  journal={arXiv preprint arXiv:2210.07316},
  year = {2022},
  url = {https://arxiv.org/abs/2210.07316},
  doi = {10.48550/ARXIV.2210.07316},
}


@InProceedings{maas-EtAl:2011:ACL-HLT2011,
  author    = {Maas, Andrew L.  and  Daly, Raymond E.  and  Pham, Peter T.  and  Huang, Dan  and  Ng, Andrew Y.  and  Potts, Christopher},
  title     = {Learning Word Vectors for Sentiment Analysis},
  booktitle = {Proceedings of the 49th Annual Meeting of the Association for Computational Linguistics: Human Language Technologies},
  month     = {June},
  year      = {2011},
  address   = {Portland, Oregon, USA},
  publisher = {Association for Computational Linguistics},
  pages     = {142--150},
  url       = {http://www.aclweb.org/anthology/P11-1015}
}

@inproceedings{maas-etal-2011-learning,
    title = "Learning Word Vectors for Sentiment Analysis",
    author = "Maas, Andrew L.  and
      Daly, Raymond E.  and
      Pham, Peter T.  and
      Huang, Dan  and
      Ng, Andrew Y.  and
      Potts, Christopher",
    editor = "Lin, Dekang  and
      Matsumoto, Yuji  and
      Mihalcea, Rada",
    booktitle = "Proceedings of the 49th Annual Meeting of the Association for Computational Linguistics: Human Language Technologies",
    month = jun,
    year = "2011",
    address = "Portland, Oregon, USA",
    publisher = "Association for Computational Linguistics",
    url = "https://aclanthology.org/P11-1015/",
    pages = "142--150"
}